@online{php:sodium,
	title = {Sodium - PHP Cryptography Extensions},
	url = {https://www.php.net/manual/en/book.sodium.php}
}
@online{mariadb,
	title = {MariaDB Server},
	url = {https://mariadb.org/}
}
@online{bootstrap,
	title = {Bootstrap},
	url = {https://getbootstrap.com/docs/5.3/getting-started/introduction/}
}
@online{mokaroo,
	title = {Mockaroo - A free test data generator and API mocking tool},
	url = {https://www.mockaroo.com/}
}
@online{apache,
	title = {Apache HTTP Server Project},
	url = {https://httpd.apache.org/}
}

@online{docker:compose,
	title = {How Compose works},
	url = {https://docs.docker.com/compose/intro/compose-application-model/}
}

@online{docker:secrets,
	title = {Manage sensitive data with Docker secrets},
	url = {https://docs.docker.com/engine/swarm/secrets/}
}